@INPROCEEDINGS{1678242,
  author={Zhou, B. and He, D. and Sun, Z.},
  booktitle={2006 2nd Conference on Next Generation Internet Design and Engineering, 2006. NGI '06.}, 
  title={Traffic predictability based on ARIMA/GARCH model}, 
  year={2006},
  volume={},
  number={},
  pages={8 pp.-207},
  doi={10.1109/NGI.2006.1678242}
}

@article{abs-1711-05101,
  author       = {Ilya Loshchilov and
                  Frank Hutter},
  title        = {Fixing Weight Decay Regularization in Adam},
  journal      = {CoRR},
  volume       = {abs/1711.05101},
  year         = {2017},
  url          = {http://arxiv.org/abs/1711.05101},
  eprinttype    = {arXiv},
  eprint       = {1711.05101},
  timestamp    = {Mon, 13 Aug 2018 16:48:18 +0200},
  biburl       = {https://dblp.org/rec/journals/corr/abs-1711-05101.bib},
  bibsource    = {dblp computer science bibliography, https://dblp.org}
}

@article{abs-1905-05178,
  author       = {Hongyang Gao and
                  Shuiwang Ji},
  title        = {Graph U-Nets},
  journal      = {CoRR},
  volume       = {abs/1905.05178},
  year         = {2019},
  url          = {http://arxiv.org/abs/1905.05178},
  eprinttype    = {arXiv},
  eprint       = {1905.05178},
  timestamp    = {Tue, 28 May 2019 12:48:08 +0200},
  biburl       = {https://dblp.org/rec/journals/corr/abs-1905-05178.bib},
  bibsource    = {dblp computer science bibliography, https://dblp.org}
}

@article{abs-2006-11583,
  author       = {Jiawei Zhu and
                  Yujiao Song and
                  Ling Zhao and
                  Haifeng Li},
  title        = {{A3T-GCN:} Attention Temporal Graph Convolutional Network for Traffic
                  Forecasting},
  journal      = {CoRR},
  volume       = {abs/2006.11583},
  year         = {2020},
  url          = {https://arxiv.org/abs/2006.11583},
  eprinttype    = {arXiv},
  eprint       = {2006.11583},
  timestamp    = {Mon, 02 Aug 2021 16:18:24 +0200},
  biburl       = {https://dblp.org/rec/journals/corr/abs-2006-11583.bib},
  bibsource    = {dblp computer science bibliography, https://dblp.org}
}

@inproceedings{cnn_graph,
  title = {Convolutional Neural Networks on Graphs with Fast Localized Spectral Filtering},
  author = {Defferrard, Micha\"el and Bresson, Xavier and Vandergheynst, Pierre},
  booktitle = {Advances in Neural Information Processing Systems},
  year = {2016},
  url = {https://arxiv.org/abs/1606.09375},
}

@inbook{Seo_2018,
   title={Structured Sequence Modeling with Graph Convolutional Recurrent Networks},
   ISBN={9783030041670},
   ISSN={1611-3349},
   url={http://dx.doi.org/10.1007/978-3-030-04167-0_33},
   DOI={10.1007/978-3-030-04167-0_33},
   booktitle={Lecture Notes in Computer Science},
   publisher={Springer International Publishing},
   author={Seo, Youngjoo and Defferrard, Michaël and Vandergheynst, Pierre and Bresson, Xavier},
   year={2018},
   pages={362–373} }

@inproceedings{sabbaqi2022graph,
  title={Graph-Time Convolutional Autoencoders},
  author={Sabbaqi, Mohammad and Taormina, Riccardo and Hanjalic, Alan and Isufi, Elvin},
  booktitle={Learning on Graphs Conference},
  pages={24--1},
  year={2022},
  organization={PMLR}
}

@misc{ganin2015unsupervised,
      title={Unsupervised Domain Adaptation by Backpropagation}, 
      author={Yaroslav Ganin and Victor Lempitsky},
      year={2015},
      eprint={1409.7495},
      archivePrefix={arXiv},
      primaryClass={stat.ML}
}

@misc{fan2023spatiotemporal,
    title={Spatio-Temporal Denoising Graph Autoencoders with Data Augmentation for Photovoltaic Timeseries Data Imputation},
    author={Yangxin Fan and Xuanji Yu and Raymond Wieser and David Meakin and Avishai Shaton and Jean-Nicolas Jaubert and Robert Flottemesch and Michael Howell and Jennifer Braid and Laura S. Bruckman and Roger French and Yinghui Wu},
    year={2023},
    eprint={2302.10860},
    archivePrefix={arXiv},
    primaryClass={cs.LG}
}

@article{Hinton2006,
  title = {Reducing the Dimensionality of Data with Neural Networks},
  volume = {313},
  ISSN = {1095-9203},
  url = {http://dx.doi.org/10.1126/science.1127647},
  DOI = {10.1126/science.1127647},
  number = {5786},
  journal = {Science},
  publisher = {American Association for the Advancement of Science (AAAS)},
  author = {Hinton,  G. E. and Salakhutdinov,  R. R.},
  year = {2006},
  month = jul,
  pages = {504–507}
}

@inproceedings{Paszke_PyTorch_An_Imperative_2019,
author = {Paszke, Adam and Gross, Sam and Massa, Francisco and Lerer, Adam and Bradbury, James and Chanan, Gregory and Killeen, Trevor and Lin, Zeming and Gimelshein, Natalia and Antiga, Luca and Desmaison, Alban and Kopf, Andreas and Yang, Edward and DeVito, Zachary and Raison, Martin and Tejani, Alykhan and Chilamkurthy, Sasank and Steiner, Benoit and Fang, Lu and Bai, Junjie and Chintala, Soumith},
booktitle = {Advances in Neural Information Processing Systems 32},
editor = {Wallach, H. and Larochelle, H. and Beygelzimer, A. and d'Alché-Buc, F. and Fox, E. and Garnett, R.},
pages = {8024--8035},
publisher = {Curran Associates, Inc.},
title = {{PyTorch: An Imperative Style, High-Performance Deep Learning Library}},
url = {http://papers.neurips.cc/paper/9015-pytorch-an-imperative-style-high-performance-deep-learning-library.pdf},
year = {2019}
}

@InProceedings{pmlr-v176-eichenberger22a,
  title = 	 {Traffic4cast at NeurIPS 2021 - Temporal and Spatial Few-Shot Transfer Learning in Gridded Geo-Spatial Processes},
  author =       {Eichenberger, Christian and Neun, Moritz and Martin, Henry and Herruzo, Pedro and Spanring, Markus and Lu, Yichao and Choi, Sungbin and Konyakhin, Vsevolod and Lukashina, Nina and Shpilman, Aleksei and Wiedemann, Nina and Raubal, Martin and Wang, Bo and Vu, Hai L. and Mohajerpoor, Reza and Cai, Chen and Kim, Inhi and Hermes, Luca and Melnik, Andrew and Velioglu, Riza and Vieth, Markus and Schilling, Malte and Bojesomo, Alabi and Marzouqi, Hasan Al and Liatsis, Panos and Santokhi, Jay and Hillier, Dylan and Yang, Yiming and Sarwar, Joned and Jordan, Anna and Hewage, Emil and Jonietz, David and Tang, Fei and Gruca, Aleksandra and Kopp, Michael and Kreil, David and Hochreiter, Sepp},
  booktitle = 	 {Proceedings of the NeurIPS 2021 Competitions and Demonstrations Track},
  pages = 	 {97--112},
  year = 	 {2022},
  editor = 	 {Kiela, Douwe and Ciccone, Marco and Caputo, Barbara},
  volume = 	 {176},
  series = 	 {Proceedings of Machine Learning Research},
  month = 	 {06--14 Dec},
  publisher =    {PMLR},
  pdf = 	 {https://proceedings.mlr.press/v176/eichenberger22a/eichenberger22a.pdf},
  url = 	 {https://proceedings.mlr.press/v176/eichenberger22a.html} 
}

@inproceedings{Fey/Lenssen/2019,
  title={Fast Graph Representation Learning with {PyTorch Geometric}},
  author={Fey, Matthias and Lenssen, Jan E.},
  booktitle={ICLR Workshop on Representation Learning on Graphs and Manifolds},
  year={2019},
}

@inproceedings{rozemberczki2021pytorch,
               author = {Benedek Rozemberczki and Paul Scherer and Yixuan He and George Panagopoulos and Alexander Riedel and Maria Astefanoaei and Oliver Kiss and Ferenc Beres and Guzman Lopez and Nicolas Collignon and Rik Sarkar},
               title = {{PyTorch Geometric Temporal: Spatiotemporal Signal Processing with Neural Machine Learning Models}},
               year = {2021},
               booktitle={Proceedings of the 30th ACM International Conference on Information and Knowledge Management},
               pages = {4564–4573},
}

@article{10.5555/2188385.2188410,
author = {Gretton, Arthur and Borgwardt, Karsten M. and Rasch, Malte J. and Sch\"{o}lkopf, Bernhard and Smola, Alexander},
title = {A Kernel Two-Sample Test},
year = {2012},
issue_date = {3/1/2012},
publisher = {JMLR.org},
volume = {13},
number = {null},
issn = {1532-4435},
journal = {J. Mach. Learn. Res.},
month = {mar},
pages = {723–773},
numpages = {51},
keywords = {kernel methods, hypothesis testing, integral probability metric, two-sample test, uniform convergence bounds, schema matching}
}

@inproceedings{yao2018deep,
  title={Deep multi-view spatial-temporal network for taxi demand prediction},
  author={Yao, Huaxiu and Wu, Fei and Ke, Jintao and Tang, Xianfeng and Jia, Yitian and Lu, Siyu and Gong, Pinghua and Ye, Jieping and Li, Zhenhui},
  booktitle={Proceedings of the AAAI conference on artificial intelligence},
  volume={32},
  number={1},
  year={2018}
}

@article{Zhao2017,
  doi = {10.1049/iet-its.2016.0208},
  url = {https://doi.org/10.1049/iet-its.2016.0208},
  year = {2017},
  month = feb,
  publisher = {Institution of Engineering and Technology ({IET})},
  volume = {11},
  number = {2},
  pages = {68--75},
  author = {Zheng Zhao and Weihai Chen and Xingming Wu and Peter C. Y. Chen and Jingmeng Liu},
  title = {{LSTM} network: a deep learning approach for short-term traffic forecast},
  journal = {{IET} Intelligent Transport Systems}
}

@article{Ma2017,
  doi = {10.3390/s17040818},
  url = {https://doi.org/10.3390/s17040818},
  year = {2017},
  month = apr,
  publisher = {{MDPI} {AG}},
  volume = {17},
  number = {4},
  pages = {818},
  author = {Xiaolei Ma and Zhuang Dai and Zhengbing He and Jihui Ma and Yong Wang and Yunpeng Wang},
  title = {Learning Traffic as Images: A Deep Convolutional Neural Network for Large-Scale Transportation Network Speed Prediction},
  journal = {Sensors}
}

@article{zhang2018predicting,
  title={Predicting citywide crowd flows using deep spatio-temporal residual networks},
  author={Zhang, Junbo and Zheng, Yu and Qi, Dekang and Li, Ruiyuan and Yi, Xiuwen and Li, Tianrui},
  journal={Artificial Intelligence},
  volume={259},
  pages={147--166},
  year={2018},
  publisher={Elsevier}
}

@article{pan2009survey,
  title={A survey on transfer learning},
  author={Pan, Sinno Jialin and Yang, Qiang},
  journal={IEEE Transactions on knowledge and data engineering},
  volume={22},
  number={10},
  pages={1345--1359},
  year={2009},
  publisher={IEEE}
}

@article{Ali2020,
  doi = {10.1016/j.eswa.2020.113790},
  url = {https://doi.org/10.1016/j.eswa.2020.113790},
  year = {2020},
  month = dec,
  publisher = {Elsevier {BV}},
  volume = {162},
  pages = {113790},
  author = {Zafar Ali and Pavlos Kefalas and Khan Muhammad and Bahadar Ali and Muhammad Imran},
  title = {Deep learning in citation recommendation models survey},
  journal = {Expert Systems with Applications}
}

@inproceedings{jin2018spatio,
  title={Spatio-temporal recurrent convolutional networks for citywide short-term crowd flows prediction},
  author={Jin, Wenwei and Lin, Youfang and Wu, Zhihao and Wan, Huaiyu},
  booktitle={Proceedings of the 2nd International Conference on Compute and Data Analysis},
  pages={28--35},
  year={2018}
}

@article{polson2017deep,
  title={Deep learning for short-term traffic flow prediction},
  author={Polson, Nicholas G and Sokolov, Vadim O},
  journal={Transportation Research Part C: Emerging Technologies},
  volume={79},
  pages={1--17},
  year={2017},
  publisher={Elsevier}
}

@article{wu2018hybrid,
  title={A hybrid deep learning based traffic flow prediction method and its understanding},
  author={Wu, Yuankai and Tan, Huachun and Qin, Lingqiao and Ran, Bin and Jiang, Zhuxi},
  journal={Transportation Research Part C: Emerging Technologies},
  volume={90},
  pages={166--180},
  year={2018},
  publisher={Elsevier}
}

@article{liu2019deeppf,
  title={DeepPF: A deep learning based architecture for metro passenger flow prediction},
  author={Liu, Yang and Liu, Zhiyuan and Jia, Ruo},
  journal={Transportation Research Part C: Emerging Technologies},
  volume={101},
  pages={18--34},
  year={2019},
  publisher={Elsevier}
}

@inproceedings{chai2018bike,
  title={Bike flow prediction with multi-graph convolutional networks},
  author={Chai, Di and Wang, Leye and Yang, Qiang},
  booktitle={Proceedings of the 26th ACM SIGSPATIAL international conference on advances in geographic information systems},
  pages={397--400},
  year={2018}
}

@inproceedings{geng2019spatiotemporal,
  title={Spatiotemporal multi-graph convolution network for ride-hailing demand forecasting},
  author={Geng, Xu and Li, Yaguang and Wang, Leye and Zhang, Lingyu and Yang, Qiang and Ye, Jieping and Liu, Yan},
  booktitle={Proceedings of the AAAI conference on artificial intelligence},
  volume={33},
  number={01},
  pages={3656--3663},
  year={2019}
}

@article{yin2015literature,
  title={A literature survey on smart cities.},
  author={Yin, ChuanTao and Xiong, Zhang and Chen, Hui and Wang, JingYuan and Cooper, Daven and David, Bertrand},
  journal={Sci. China Inf. Sci.},
  volume={58},
  number={10},
  pages={1--18},
  year={2015}
}

@article{yu2017spatio,
  title={Spatio-temporal graph convolutional networks: A deep learning framework for traffic forecasting},
  author={Yu, Bing and Yin, Haoteng and Zhu, Zhanxing},
  journal={arXiv preprint arXiv:1709.04875},
  year={2017}
}


@inproceedings{Wang2019b,
  doi = {10.24963/ijcai.2019/262},
  url = {https://doi.org/10.24963/ijcai.2019/262},
  year = {2019},
  month = aug,
  publisher = {International Joint Conferences on Artificial Intelligence Organization},
  author = {Leye Wang and Xu Geng and Xiaojuan Ma and Feng Liu and Qiang Yang},
  title = {Cross-City Transfer Learning for Deep Spatio-Temporal Prediction},
  booktitle = {Proceedings of the Twenty-Eighth International Joint Conference on Artificial Intelligence}
}

@inproceedings{Zhang2016,
  doi = {10.1145/2996913.2997016},
  url = {https://doi.org/10.1145/2996913.2997016},
  year = {2016},
  month = oct,
  publisher = {{ACM}},
  author = {Junbo Zhang and Yu Zheng and Dekang Qi and Ruiyuan Li and Xiuwen Yi},
  title = {{DNN}-based prediction model for spatio-temporal data},
  booktitle = {Proceedings of the 24th {ACM} {SIGSPATIAL} International Conference on Advances in Geographic Information Systems}
}

@inproceedings{Yao2019,
  doi = {10.1145/3308558.3313577},
  url = {https://doi.org/10.1145/3308558.3313577},
  year = {2019},
  month = may,
  publisher = {{ACM}},
  author = {Huaxiu Yao and Yiding Liu and Ying Wei and Xianfeng Tang and Zhenhui Li},
  title = {Learning from Multiple Cities: A Meta-Learning Approach for Spatial-Temporal Prediction},
  booktitle = {The World Wide Web Conference}
}

@ARTICLE{Wang20224695,
	author = {Wang, Senzhang and Miao, Hao and Li, Jiyue and Cao, Jiannong},
	title = {Spatio-Temporal Knowledge Transfer for Urban Crowd Flow Prediction via Deep Attentive Adaptation Networks},
	year = {2022},
	journal = {IEEE Transactions on Intelligent Transportation Systems},
	volume = {23},
	number = {5},
	pages = {4695 – 4705},
	doi = {10.1109/TITS.2021.3055207},
	url = {https://www.scopus.com/inward/record.uri?eid=2-s2.0-85100868963&doi=10.1109%2fTITS.2021.3055207&partnerID=40&md5=dddaae60893f302b2d084dd455c1d772}
}

@ARTICLE{Huang20231,
	author = {Huang, Yunjie and Song, Xiaozhuang and Zhu, Yuanshao and Zhang, Shiyao and Yu, James J. Q.},
	title = {Traffic Prediction With Transfer Learning: A Mutual Information-Based Approach},
	year = {2023},
	journal = {IEEE Transactions on Intelligent Transportation Systems},
	pages = {1–17},
	doi = {10.1109/TITS.2023.3266398},
	url = {https://www.scopus.com/inward/record.uri?eid=2-s2.0-85153497374&doi=10.1109%2fTITS.2023.3266398&partnerID=40&md5=5ec7ad181ea7f713aa20e193d7e28c37}
}


@CONFERENCE{Nguyen20225998,
	author = {Nguyen, Manh-Phu and Dao, Minh-Son and Nguyen, Thanh-Binh},
	title = {3D-STGPCN: 3D Spatio-Temporal Graph Point-wise Convolutional Network for Traffic Forecasting},
	year = {2022},
	journal = {Proceedings - 2022 IEEE International Conference on Big Data, Big Data 2022},
	pages = {5998 – 6007},
	doi = {10.1109/BigData55660.2022.10020288},
	url = {https://www.scopus.com/inward/record.uri?eid=2-s2.0-85147927897&doi=10.1109%2fBigData55660.2022.10020288&partnerID=40&md5=b7e1d872ae1937567d689a526778feda}
}

@ARTICLE{Zhang2023869,
	author = {Zhang, Yuan and Cheng, Qixiu and Liu, Yang and Liu, Zhiyuan},
	title = {Full-scale spatio-temporal traffic flow estimation for city-wide networks: a transfer learning based approach},
	year = {2023},
	journal = {Transportmetrica B},
	volume = {11},
	number = {1},
	pages = {869 – 895},
	doi = {10.1080/21680566.2022.2143453},
	url = {https://www.scopus.com/inward/record.uri?eid=2-s2.0-85141729121&doi=10.1080%2f21680566.2022.2143453&partnerID=40&md5=1c934eda5396df14cd1b3bbf869944d2}
}

@ARTICLE{Ouyang20231,
	author = {Ouyang, Xiaocao and Yang, Yan and Zhou, Wei and Zhang, Yiling and Wang, Hao and Huang, Wei},
	title = {CityTrans: Domain-Adversarial Training with Knowledge Transfer for Spatio-Temporal Prediction across Cities},
	year = {2023},
	journal = {IEEE Transactions on Knowledge and Data Engineering},
	pages = {1–14},
	doi = {10.1109/TKDE.2023.3283520},
	url = {https://www.scopus.com/inward/record.uri?eid=2-s2.0-85161563633&doi=10.1109%2fTKDE.2023.3283520&partnerID=40&md5=f8360c1d3d50b9aac67d4fbbf3d28868}
}

@CONFERENCE{Jin2022731,
	author = {Jin, Yilun and Chen, Kai and Yang, Qiang},
	title = {Selective Cross-City Transfer Learning for Traffic Prediction via Source City Region Re-Weighting},
	year = {2022},
	journal = {Proceedings of the ACM SIGKDD International Conference on Knowledge Discovery and Data Mining},
	pages = {731 – 741},
	doi = {10.1145/3534678.3539250},
	url = {https://www.scopus.com/inward/record.uri?eid=2-s2.0-85137142449&doi=10.1145%2f3534678.3539250&partnerID=40&md5=7fece17da0d95984f76371135da8a047}
}

@ARTICLE{Xing2023207,
	author = {Xing, Jiping and Wu, Yunchi and Huang, Di and Liu, Xin},
	title = {Transfer learning for robust urban network-wide traffic volume estimation with uncertain detector deployment scheme},
	year = {2023},
	journal = {Electronic Research Archive},
	volume = {31},
	number = {1},
	pages = {207 – 228},
	doi = {10.3934/era.2023011},
	url = {https://www.scopus.com/inward/record.uri?eid=2-s2.0-85142258188&doi=10.3934%2fera.2023011&partnerID=40&md5=6c6bf823a946d8c2678b650f27bc9b01}
}

@CONFERENCE{Wang202222,
	author = {Wang, Yanlong and Chen, Youjia and Chen, Pingping and Hu, Jinsong and Zheng, Haifeng},
	title = {Application-Based Cooperative Content Caching via Tensor Domain Adaptation Networks},
	year = {2022},
	journal = {2022 IEEE 14th International Conference on Wireless Communications and Signal Processing, WCSP 2022},
	pages = {22 – 27},
	doi = {10.1109/WCSP55476.2022.10039149},
	url = {https://www.scopus.com/inward/record.uri?eid=2-s2.0-85149116819&doi=10.1109%2fWCSP55476.2022.10039149&partnerID=40&md5=b2e2c449ac62f37a4575e2a3a77a6544}
}

@ARTICLE{Li2022,
	author = {Li, Junyi and Xie, Ningke and Zhang, Kaihang and Guo, Fangce and Hu, Simon and Chen, Xiqun (Michael)},
	title = {Network-scale traffic prediction via knowledge transfer and regional MFD analysis},
	year = {2022},
	journal = {Transportation Research Part C: Emerging Technologies},
	volume = {141},
	doi = {10.1016/j.trc.2022.103719},
	url = {https://www.scopus.com/inward/record.uri?eid=2-s2.0-85131098775&doi=10.1016%2fj.trc.2022.103719&partnerID=40&md5=42cc6ec5698a2ce553c7b1a3c6b3025e}
}

@ARTICLE{Lin2021,
	author = {Lin, Jiansheng and Chen, Youjia and Zheng, Haifeng and Ding, Ming and Cheng, Peng and Hanzo, Lajos},
	title = {A Data-driven Base Station Sleeping Strategy Based on Traffic Prediction},
	year = {2021},
	journal = {IEEE Transactions on Network Science and Engineering},
	doi = {10.1109/TNSE.2021.3109614},
	url = {https://www.scopus.com/inward/record.uri?eid=2-s2.0-85114716577&doi=10.1109%2fTNSE.2021.3109614&partnerID=40&md5=ae21355623e27ac918b3b717e6f05869}
}

@CONFERENCE{Boudabous2021,
	author = {Boudabous, Safa and Clémençon, Stephan and Labiod, Houda and Garbiso, Julian},
	title = {Dynamic Graph Convolutional LSTM application for traffic flow estimation from error-prone measurements: Results and transferability analysis},
	year = {2021},
	journal = {2021 IEEE 8th International Conference on Data Science and Advanced Analytics, DSAA 2021},
	doi = {10.1109/DSAA53316.2021.9564245},
	url = {https://www.scopus.com/inward/record.uri?eid=2-s2.0-85126150803&doi=10.1109%2fDSAA53316.2021.9564245&partnerID=40&md5=44aaa386cc163d3c7df5ecc603875ed0}
}

@CONFERENCE{Elmi20201088,
	author = {Elmi, Sayda and Tan, Kian-Lee},
	title = {Travel Time Prediction in Missing Data Areas: Feature-based Transfer Learning Approach},
	year = {2020},
	journal = {Proceedings - 2020 IEEE 22nd International Conference on High Performance Computing and Communications, IEEE 18th International Conference on Smart City and IEEE 6th International Conference on Data Science and Systems, HPCC-SmartCity-DSS 2020},
	pages = {1088 – 1095},
	doi = {10.1109/HPCC-SmartCity-DSS50907.2020.00196},
	url = {https://www.scopus.com/inward/record.uri?eid=2-s2.0-85105246596&doi=10.1109%2fHPCC-SmartCity-DSS50907.2020.00196&partnerID=40&md5=2071db3ecbac45353dd2132a1528fa7d}
}

@ARTICLE{Xie20201,
	author = {Xie, Peng and Li, Tianrui and Liu, Jia and Du, Shengdong and Yang, Xin and Zhang, Junbo},
	title = {Urban flow prediction from spatiotemporal data using machine learning: A survey},
	year = {2020},
	journal = {Information Fusion},
	volume = {59},
	pages = {1 – 12},
	doi = {10.1016/j.inffus.2020.01.002},
	url = {https://www.scopus.com/inward/record.uri?eid=2-s2.0-85077950724&doi=10.1016%2fj.inffus.2020.01.002&partnerID=40&md5=290c9086c19e700312511f065ddcc99d}
}


@article{Wang2019a,
  doi = {10.1016/j.artint.2018.12.008},
  url = {https://doi.org/10.1016/j.artint.2018.12.008},
  year = {2019},
  month = aug,
  publisher = {Elsevier {BV}},
  volume = {273},
  pages = {1--18},
  author = {Leye Wang and Xu Geng and Xiaojuan Ma and Daqing Zhang and Qiang Yang},
  title = {Ridesharing car detection by transfer learning},
  journal = {Artificial Intelligence}
}

@article{Zhang2022,
  doi = {10.3390/su141912397},
  url = {https://doi.org/10.3390/su141912397},
  year = {2022},
  month = sep,
  publisher = {{MDPI} {AG}},
  volume = {14},
  number = {19},
  pages = {12397},
  author = {Lingyu Zhang and Xu Geng and Zhiwei Qin and Hongjun Wang and Xiao Wang and Ying Zhang and Jian Liang and Guobin Wu and Xuan Song and Yunhai Wang},
  title = {Multi-Modal Graph Interaction for Multi-Graph Convolution Network in Urban Spatiotemporal Forecasting},
  journal = {Sustainability}
}

@article{Geng2019,
  doi = {10.1609/aaai.v33i01.33013656},
  url = {https://doi.org/10.1609/aaai.v33i01.33013656},
  year = {2019},
  month = jul,
  publisher = {Association for the Advancement of Artificial Intelligence ({AAAI})},
  volume = {33},
  number = {01},
  pages = {3656--3663},
  author = {Xu Geng and Yaguang Li and Leye Wang and Lingyu Zhang and Qiang Yang and Jieping Ye and Yan Liu},
  title = {Spatiotemporal Multi-Graph Convolution Network for Ride-Hailing Demand Forecasting},
  journal = {Proceedings of the {AAAI} Conference on Artificial Intelligence}
}

@article{Wang2023,
  doi = {10.1109/tkde.2021.3130762},
  url = {https://doi.org/10.1109/tkde.2021.3130762},
  year = {2023},
  month = apr,
  publisher = {Institute of Electrical and Electronics Engineers ({IEEE})},
  volume = {35},
  number = {4},
  pages = {3870--3884},
  author = {Leye Wang and Di Chai and Xuanzhe Liu and Liyue Chen and Kai Chen},
  title = {Exploring the Generalizability of Spatio-Temporal Traffic Prediction: Meta-Modeling and an Analytic Framework},
  journal = {{IEEE} Transactions on Knowledge and Data Engineering}
}

@article{Tian2021,
  doi = {10.1016/j.neucom.2021.03.068},
  url = {https://doi.org/10.1016/j.neucom.2021.03.068},
  year = {2021},
  month = sep,
  publisher = {Elsevier {BV}},
  volume = {452},
  pages = {15--27},
  author = {Chujie Tian and Xinning Zhu and Zheng Hu and Jian Ma},
  title = {A transfer approach with attention reptile method and long-term generation mechanism for few-shot traffic prediction},
  journal = {Neurocomputing}
}

@inproceedings{Manibardo2020,
  doi = {10.1109/itsc45102.2020.9294557},
  url = {https://doi.org/10.1109/itsc45102.2020.9294557},
  year = {2020},
  month = sep,
  publisher = {{IEEE}},
  author = {Eric L. Manibardo and Ibai Lana and Javier Del Ser},
  title = {Transfer Learning and Online Learning for Traffic Forecasting under Different Data Availability Conditions: Alternatives and Pitfalls},
  booktitle = {2020 {IEEE} 23rd International Conference on Intelligent Transportation Systems ({ITSC})}
}

@article{Wang2018,
  doi = {10.48550/ARXIV.1808.01552},
  url = {https://arxiv.org/abs/1808.01552},
  author = {Wang,  Leye and Guo,  Bin and Yang,  Qiang},
  keywords = {Artificial Intelligence (cs.AI),  Machine Learning (cs.LG),  FOS: Computer and information sciences,  FOS: Computer and information sciences},
  title = {Smart City Development with Urban Transfer Learning},
  publisher = {arXiv},
  year = {2018},
  copyright = {arXiv.org perpetual,  non-exclusive license}
}

@inproceedings{Lu2022,
  doi = {10.1145/3534678.3539281},
  url = {https://doi.org/10.1145/3534678.3539281},
  year = {2022},
  month = aug,
  publisher = {{ACM}},
  author = {Bin Lu and Xiaoying Gan and Weinan Zhang and Huaxiu Yao and Luoyi Fu and Xinbing Wang},
  title = {Spatio-Temporal Graph Few-Shot Learning with Cross-City Knowledge Transfer},
  booktitle = {Proceedings of the 28th {ACM} {SIGKDD} Conference on Knowledge Discovery and Data Mining}
}

@article{Tang2022,
  doi = {10.48550/ARXIV.2202.03630},
  url = {https://arxiv.org/abs/2202.03630},
  author = {Tang,  Yihong and Qu,  Ao and Chow,  Andy H. F. and Lam,  William H. K. and Wong,  S. C. and Ma,  Wei},
  keywords = {Machine Learning (cs.LG),  Artificial Intelligence (cs.AI),  FOS: Computer and information sciences,  FOS: Computer and information sciences},
  title = {Domain Adversarial Spatial-Temporal Network: A Transferable Framework for Short-term Traffic Forecasting across Cities},
  publisher = {arXiv},
  year = {2022},
  copyright = {arXiv.org perpetual,  non-exclusive license}
}

@inproceedings{Wei2016,
  doi = {10.1145/2939672.2939830},
  url = {https://doi.org/10.1145/2939672.2939830},
  year = {2016},
  month = aug,
  publisher = {{ACM}},
  author = {Ying Wei and Yu Zheng and Qiang Yang},
  title = {Transfer Knowledge between Cities},
  booktitle = {Proceedings of the 22nd {ACM} {SIGKDD} International Conference on Knowledge Discovery and Data Mining}
}

@article{Bevis1959,
  doi = {10.1080/01944365908978310},
  url = {https://doi.org/10.1080/01944365908978310},
  year = {1959},
  month = may,
  publisher = {Informa {UK} Limited},
  volume = {25},
  number = {2},
  pages = {87--89},
  author = {Howard W. Bevis},
  title = {A Model for Predicting Urban Travel Patterns},
  journal = {Journal of the American Institute of Planners}
}

@book{Beckmann1956,
  author="Beckmann, Martin J. and C. B. McGuire and C. B. Winsten",
  title="Studies in the Economics of Transportation",
  address="Santa Monica, CA",
  year="1955",
  doi="",
  publisher="RAND Corporation"
}